@article{zou2005regularization,
  title={Regularization and variable selection via the elastic net},
  author={Zou, Hui and Hastie, Trevor},
  journal={Journal of the Royal Statistical Society: Series B (Statistical Methodology)},
  volume={67},
  number={2},
  pages={301--320},
  year={2005},
  publisher={Wiley Online Library}
}

@article{tibshirani1996regression,
  title={Regression shrinkage and selection via the lasso},
  author={Tibshirani, Robert},
  journal={Journal of the Royal Statistical Society. Series B (Methodological)},
  pages={267--288},
  year={1996},
  publisher={JSTOR}
}

@incollection{lai1985strong,
  title={Strong consistency of least squares estimates in multiple regression},
  author={Lai, Tze Leung and Robbins, Herbert and Wei, Ching Zong},
  booktitle={Herbert Robbins Selected Papers},
  pages={510--512},
  year={1985},
  publisher={Springer}
}

@article{frank1993statistical,
  title={A statistical view of some chemometrics regression tools},
  author={Frank, LLdiko E and Friedman, Jerome H},
  journal={Technometrics},
  volume={35},
  number={2},
  pages={109--135},
  year={1993},
  publisher={Taylor \& Francis Group}
}

@article{farrar1967multicollinearity,
  title={Multicollinearity in regression analysis: the problem revisited},
  author={Farrar, Donald E and Glauber, Robert R},
  journal={The Review of Economic and Statistics},
  pages={92--107},
  year={1967},
  publisher={JSTOR}
}

@article{ridge1992,
  title={Maximum entropy and the nearly black object(with discussion)},
  author={Donoho, D L Johnstone, I M and Hoch, J C and Stern, A S },
  journal={J R Statist B},
  pages={41--81},
  year={1992},
  publisher={JSTOR}
}



@article{cv1992,
  title={Linear model delection by cross-validation},
  author={Shao, J },
  journal={J AM Statist Ass 88},
  pages={486-494},
  year={1992},
  publisher={JSTOR}
}



@article{bcg1970,
  title={The Convergence of a Class of Double-rank Minimization Algorithms},
  author={Broyden, C G},
  journal={J Inst  Maths  Applics},
  pages={76--90},
  year={1970},
  publisher={JSTOR}
}

@article{fr1992,
  title={A New Approach to Variable Metric Algorithms},
  author={Fletcher, R},
  journal={Computer Journal},
  pages={317-322},
  year={1970},
  publisher={JSTOR}
}

@article{gd,
  title={A Family of Variable Metric Updates Derived by Variational Means},
  author={Goldfarb, D},
  journal={Mathematics of Computing},
  pages={23--26},
  year={1970},
  publisher={JSTOR}
}


@article{df1970,
  title={Conditioning of Quasi Newton Methods for Function Minimization},
  author={Shanno, D F},
  journal={Mathematics of Computing},
  pages={647--656},
  year={1970},
  publisher={JSTOR}
}

@article{wg2008,
  title={A Comprehensive Look at the Empirical Performance of Equity Prediction},
  author={Welch, I and A Goyal},
  journal={Review of Financial Studies 21},
  pages={1455?1508},
  year={2008},
  publisher={JSTOR}
}

@article{wgj2008,
  title={Journal of Financial Econometrics Advance Access},
  author={JIAHAN LI, IILIAS TSIAKAS and WEI WANG},
  journal={Journal of Financial Econometrics},
  pages={1--49},
  year={2014},
  publisher={JSTOR}
}



@article{yangjie,
  title={Intra- and Inter-sparse Multiple Output Regression with Application on Environmental Microbial Community Study},
  author={Jie Yang and Henry C M Leung, S M  Yiu, Yunpeng Cai and Francis Y L  Chin},
  journal={ IEEE International Conference on Bioinformatics and Biomedicine},
  pages={1--6},
  year={2013},
  publisher={JSTOR}
}

@article{fan2001variable,
  title={Variable selection via nonconcave penalized likelihood and its oracle properties},
  author={Fan, Jianqing and Li, Runze},
  journal={Journal of the American Statistical Association},
  volume={96},
  number={456},
  pages={1348--1360},
  year={2001},
  publisher={Taylor \& Francis}
}

@article{knight2000asymptotics,
  title={Asymptotics for lasso-type estimators},
  author={Knight, Keith and Fu, Wenjiang},
  journal={Annals of statistics},
  pages={1356--1378},
  year={2000},
  publisher={JSTOR}
}

@article{zou2006adaptive,
  title={The adaptive lasso and its oracle properties},
  author={Zou, Hui},
  journal={Journal of the American statistical association},
  volume={101},
  number={476},
  pages={1418--1429},
  year={2006},
  publisher={Taylor \& Francis}
}

@article{fu1998penalized,
  title={Penalized regressions: the bridge versus the lasso},
  author={Fu, Wenjiang J},
  journal={Journal of computational and graphical statistics},
  volume={7},
  number={3},
  pages={397--416},
  year={1998},
  publisher={Taylor \& Francis}
}

@article{efron2004least,
  title={Least angle regression},
  author={Efron, Bradley and Hastie, Trevor and Johnstone, Iain and Tibshirani, Robert and others},
  journal={The Annals of statistics},
  volume={32},
  number={2},
  pages={407--499},
  year={2004},
  publisher={Institute of Mathematical Statistics}
}





